/Users/aleksey/Dropbox/master.bib